@article{nevsetvril2001otakar,
  title     = {Otakar Bor≈Øvka on minimum spanning tree problem Translation of both the 1926 papers, comments, history},
  author    = {Ne{\v{s}}et{\v{r}}il, Jaroslav and Milkov{\'a}, Eva and Ne{\v{s}}et{\v{r}}ilov{\'a}, Helena},
  journal   = {Discrete mathematics},
  volume    = {233},
  number    = {1-3},
  pages     = {3--36},
  year      = {2001},
  publisher = {Elsevier}
}

@article{sollin1965trace,
  title     = {Le trace de canalisation},
  author    = {Sollin, M},
  journal   = {Programming, Games, and Transportation Networks},
  year      = {1965},
  publisher = {Wiley}
}

@misc{deterministicMSTs,
  title        = {15-859E: Advanced {A}lgorithms, {L}ecture \#1: Deterministic {MST}s},
  author       = {Gupta, Anupam and Bansal, Anshu},
  howpublished = {\url{https://www.cs.cmu.edu/~anupamg/advalgos15/lectures/lecture01.pdf}},
  year         = {2015},
  note         = {Date Accessed: 27 December 2022}
}

@inproceedings{mariano2015generic,
  title        = {A generic and highly efficient parallel variant of boruvka's algorithm},
  author       = {Mariano, Artur and Proenca, Alberto and Sousa, Cristiano Da Silva},
  booktitle    = {2015 23rd Euromicro International Conference on Parallel, Distributed, and Network-Based Processing},
  pages        = {610--617},
  year         = {2015},
  organization = {IEEE}
}

@article{bazlamaccci2001minimum,
  title     = {Minimum-weight spanning tree algorithms a survey and empirical study},
  author    = {Bazlama{\c{c}}c{\i}, C{\"u}neyt F and Hindi, Khalil S},
  journal   = {Computers \& Operations Research},
  volume    = {28},
  number    = {8},
  pages     = {767--785},
  year      = {2001},
  publisher = {Elsevier}
}

@article{dixon1992verification,
  title     = {Verification and sensitivity analysis of minimum spanning trees in linear time},
  author    = {Dixon, Brandon and Rauch, Monika and Tarjan, Robert E},
  journal   = {SIAM Journal on Computing},
  volume    = {21},
  number    = {6},
  pages     = {1184--1192},
  year      = {1992},
  publisher = {SIAM}
}

@inproceedings{king1995simpler,
  title        = {A simpler minimum spanning tree verification algorithm},
  author       = {King, Valerie},
  booktitle    = {Workshop on Algorithms and Data Structures},
  pages        = {440--448},
  year         = {1995},
  organization = {Springer}
}

@article{karger1995randomized,
  title     = {A randomized linear-time algorithm to find minimum spanning trees},
  author    = {Karger, David R and Klein, Philip N and Tarjan, Robert E},
  journal   = {Journal of the ACM (JACM)},
  volume    = {42},
  number    = {2},
  pages     = {321--328},
  year      = {1995},
  publisher = {ACM New York, NY, USA}
}

@article{graham1985history,
  title     = {On the history of the minimum spanning tree problem},
  author    = {Graham, Ronald L and Hell, Pavol},
  journal   = {Annals of the History of Computing},
  volume    = {7},
  number    = {1},
  pages     = {43--57},
  year      = {1985},
  publisher = {IEEE}
}